@misc{intro,
author={S. Hainsworth and M. Macleod},
title = {The Automated Music Transcription Problem},
howpublished = {Department of Engineering, University of Cambridge},
year = {2004}
}